
    <zs:record>
      <zs:recordSchema/>
      <zs:recordPacking>xml</zs:recordPacking>
      <zs:recordData>
        <record xmlns="http://www.loc.gov/MARC21/slim">
          <leader>01516cam a22002894a 4500</leader>
          <controlfield tag="001">14705319</controlfield>
          <controlfield tag="005">20071026114650.0</controlfield>
          <controlfield tag="008">070122s2007    oru      b    000 0 eng  </controlfield>
          <datafield tag="906" ind1=" " ind2=" ">
            <subfield code="a">7</subfield>
            <subfield code="b">cbc</subfield>
            <subfield code="c">orignew</subfield>
            <subfield code="d">1</subfield>
            <subfield code="e">ecip</subfield>
            <subfield code="f">20</subfield>
            <subfield code="g">y-gencatlg</subfield>
          </datafield>
          <datafield tag="925" ind1="0" ind2=" ">
            <subfield code="a">acquire</subfield>
            <subfield code="b">1 shelf copy</subfield>
            <subfield code="x">policy default</subfield>
          </datafield>
          <datafield tag="955" ind1=" " ind2=" ">
            <subfield code="a">sh21 2007-01-22</subfield>
            <subfield code="c">sh21 2007-01-22 (telework)</subfield>
            <subfield code="d">sh13 2007-01-24</subfield>
            <subfield code="e">sh13 2007-01-24 to Dewey</subfield>
            <subfield code="a">aa17 2007-01-25</subfield>
            <subfield code="a">ps10 2007-10-11 1 copy rec'd., to CIP ver.</subfield>
            <subfield code="f">sh45 2007-10-26</subfield>
            <subfield code="g">sh45 2007-10-26 to BCCD (Telework)</subfield>
          </datafield>
          <datafield tag="010" ind1=" " ind2=" ">
            <subfield code="a">  2007002498</subfield>
          </datafield>
          <datafield tag="020" ind1=" " ind2=" ">
            <subfield code="a">9780736919449 (pbk.)</subfield>
          </datafield>
          <datafield tag="020" ind1=" " ind2=" ">
            <subfield code="a">0736919449 (pbk.)</subfield>
          </datafield>
          <datafield tag="040" ind1=" " ind2=" ">
            <subfield code="a">DLC</subfield>
            <subfield code="c">DLC</subfield>
            <subfield code="d">DLC</subfield>
          </datafield>
          <datafield tag="050" ind1="0" ind2="0">
            <subfield code="a">BV4908.5</subfield>
            <subfield code="b">.F69 2007</subfield>
          </datafield>
          <datafield tag="082" ind1="0" ind2="0">
            <subfield code="a">248.8/6</subfield>
            <subfield code="2">22</subfield>
          </datafield>
          <datafield tag="100" ind1="1" ind2=" ">
            <subfield code="a">Fox, Grace,</subfield>
            <subfield code="d">1958-</subfield>
          </datafield>
          <datafield tag="245" ind1="1" ind2="0">
            <subfield code="a">Moving from fear to freedom /</subfield>
            <subfield code="c">Grace Fox.</subfield>
          </datafield>
          <datafield tag="260" ind1=" " ind2=" ">
            <subfield code="a">Eugene, Or. :</subfield>
            <subfield code="b">Harvest House Publishers,</subfield>
            <subfield code="c">c2007.</subfield>
          </datafield>
          <datafield tag="300" ind1=" " ind2=" ">
            <subfield code="a">245 p. ;</subfield>
            <subfield code="c">22 cm.</subfield>
          </datafield>
          <datafield tag="504" ind1=" " ind2=" ">
            <subfield code="a">Includes bibliographical references (p. 241-245).</subfield>
          </datafield>
          <datafield tag="505" ind1="0" ind2=" ">
            <subfield code="a">The faces of fear -- Our kids' well-being -- Don't touch my stuff! -- Lessons learned in the storm -- What will tomorrow bring? -- Who me? -- Will you love the real me? -- Saying goodbye to the ghosts in my past -- It's not about grey hair and wrinkles -- From fear to faith.</subfield>
          </datafield>
          <datafield tag="650" ind1=" " ind2="0">
            <subfield code="a">Fear</subfield>
            <subfield code="x">Religious aspects</subfield>
            <subfield code="x">Christianity.</subfield>
          </datafield>
          <datafield tag="650" ind1=" " ind2="0">
            <subfield code="a">Peace of mind</subfield>
            <subfield code="x">Religious aspects</subfield>
            <subfield code="x">Christianity.</subfield>
          </datafield>
          <datafield tag="856" ind1="4" ind2="1">
            <subfield code="3">Table of contents only</subfield>
            <subfield code="u">http://www.loc.gov/catdir/toc/ecip079/2007002498.html</subfield>
          </datafield>
          <datafield tag="856" ind1="4" ind2="2">
            <subfield code="3">Publisher description</subfield>
            <subfield code="u">http://www.loc.gov/catdir/enhancements/fy0715/2007002498-d.html</subfield>
          </datafield>
        </record>
      </zs:recordData>
      <zs:recordPosition>9</zs:recordPosition>
    </zs:record>